<?xml version="1.0" encoding="UTF-8"?><collection xmlns="http://www.loc.gov/MARC21/slim"><record><leader>00462nam--2200181-u-4500</leader><controlfield tag="001">000052301</controlfield><controlfield tag="002">20161230</controlfield><controlfield tag="005">20161230201050</controlfield><controlfield tag="008">100614s1000------------r-----000-0-RUS-d</controlfield><datafield ind1=" " ind2=" " tag="040"><subfield code="a">IFIN-HH</subfield></datafield><datafield ind1=" " ind2=" " tag="041"><subfield code="a">RUS</subfield></datafield><datafield ind1=" " ind2=" " tag="080"><subfield code="a">519</subfield></datafield><datafield ind1=" " ind2=" " tag="110"><subfield code="a">A.A.Samarskogo</subfield></datafield><datafield ind1="1" ind2="0" tag="245"><subfield code="a">Vicislitelinie metodi v matematiceskoi fizike</subfield></datafield><datafield ind1=" " ind2=" " tag="260"><subfield code="a">Moskva</subfield><subfield code="b">Izdatelistvo Moskovskogo Universiteta</subfield><subfield code="c">1986</subfield></datafield><datafield ind1=" " ind2=" " tag="300"><subfield code="a">152P</subfield></datafield><datafield ind1=" " ind2=" " tag="852"><subfield code="a">74245</subfield><subfield code="c">519.2</subfield></datafield><datafield ind1=" " ind2=" " tag="CAT"><subfield code="a">Sys</subfield><subfield code="c">20100614</subfield><subfield code="h">103010</subfield></datafield></record></collection>